<record><leader>00000cas a2200000 i 4500</leader><controlfield tag="001">847782159</controlfield><controlfield tag="006">m     o  d        </controlfield><controlfield tag="007">cr |||||||||||</controlfield><controlfield tag="008">130612d19041961mtudr ne      0   a0eng  </controlfield><datafield ind1=" " ind2=" " tag="010"><subfield code="a">  2013218806</subfield></datafield><datafield ind1=" " ind2=" " tag="040"><subfield code="a">DLC</subfield><subfield code="b">eng</subfield><subfield code="e">rda</subfield><subfield code="c">DLC</subfield><subfield code="d">OCLCF</subfield><subfield code="d">OCLCQ</subfield><subfield code="d">DLC</subfield></datafield><datafield ind1="0" ind2=" " tag="022"><subfield code="a">2329-5465</subfield><subfield code="2">1</subfield></datafield><datafield ind1=" " ind2=" " tag="042"><subfield code="a">pcc</subfield><subfield code="a">nsdp</subfield></datafield><datafield ind1=" " ind2=" " tag="043"><subfield code="a">n-us-mt</subfield></datafield><datafield ind1="1" ind2="0" tag="050"><subfield code="a">ISSN RECORD</subfield></datafield><datafield ind1="0" ind2="0" tag="082"><subfield code="a">071</subfield><subfield code="2">23</subfield></datafield><datafield ind1="0" ind2=" " tag="130"><subfield code="a">Daily Missoulian (Missoula, Mont. : 1904 : Online)</subfield></datafield><datafield ind1=" " ind2="4" tag="222"><subfield code="a">The Daily Missoulian</subfield><subfield code="b">(Missoula, Mont. 1904. Online)</subfield></datafield><datafield ind1="1" ind2="4" tag="245"><subfield code="a">The Daily Missoulian.</subfield></datafield><datafield ind1="1" ind2="7" tag="246"><subfield code="a">Missoulian</subfield><subfield code="f">June 6, 1910-Mar. 15, 1915</subfield></datafield><datafield ind1="3" ind2="0" tag="246"><subfield code="a">Sunday Missoulian</subfield></datafield><datafield ind1="3" ind2="0" tag="246"><subfield code="a">Missoulian-sentinel</subfield></datafield><datafield ind1=" " ind2="1" tag="264"><subfield code="a">Missoula, Montana :</subfield><subfield code="b">Missoulian Publishing Co.</subfield></datafield><datafield ind1=" " ind2=" " tag="310"><subfield code="a">Daily</subfield></datafield><datafield ind1=" " ind2=" " tag="336"><subfield code="a">text</subfield><subfield code="b">txt</subfield><subfield code="2">rdacontent</subfield></datafield><datafield ind1=" " ind2=" " tag="337"><subfield code="a">computer</subfield><subfield code="b">c</subfield><subfield code="2">rdamedia</subfield></datafield><datafield ind1=" " ind2=" " tag="338"><subfield code="a">online resource</subfield><subfield code="b">cr</subfield><subfield code="2">rdacarrier</subfield></datafield><datafield ind1="1" ind2=" " tag="362"><subfield code="a">Began in Nov. 1904; ceased September 12, 1961.</subfield></datafield><datafield ind1=" " ind2=" " tag="500"><subfield code="a">Sunday edition, Dec. 26, 1920-Nov. 6, 1949, called: Sunday Missoulian.</subfield></datafield><datafield ind1=" " ind2=" " tag="500"><subfield code="a">Saturday edition, May 14, 1960-Sept. 9, 1961, published in combined issue with Missoula sentinel, called: Missoulian-sentinel.</subfield></datafield><datafield ind1=" " ind2=" " tag="500"><subfield code="a">"Republican," [1904-1912]; "Progressive, " [1913-1914]; "independent, " [1915-1961]. Cf. Ayer, 1912, Missoula city directories.</subfield></datafield><datafield ind1=" " ind2=" " tag="588"><subfield code="a">Description based on: Vol. XXXV, no. 241 (January 1, 1909); title from masthead (Chroniclingamerica.loc.gov, viewed June 12, 2013).</subfield></datafield><datafield ind1=" " ind2=" " tag="588"><subfield code="a">Latest issue consulted: Vol. XXXVI, no. 87 (July 31, 1909) (Chroniclingamerica.loc.gov, viewed June 12, 2013).</subfield></datafield><datafield ind1=" " ind2="0" tag="651"><subfield code="a">Missoula (Mont.)</subfield><subfield code="v">Newspapers.</subfield></datafield><datafield ind1=" " ind2="7" tag="651"><subfield code="a">Montana</subfield><subfield code="z">Missoula.</subfield><subfield code="2">fast</subfield><subfield code="0">(OCoLC)fst01210237</subfield></datafield><datafield ind1=" " ind2="7" tag="655"><subfield code="a">Newspapers.</subfield><subfield code="2">fast</subfield><subfield code="0">(OCoLC)fst01423814</subfield></datafield><datafield ind1=" " ind2=" " tag="752"><subfield code="a">United States</subfield><subfield code="b">Montana</subfield><subfield code="c">Missoula</subfield><subfield code="d">Missoula.</subfield></datafield><datafield ind1="0" ind2=" " tag="775"><subfield code="t">Weekly Missoulian (Missoula, Mont. : 1904 : Online)</subfield><subfield code="g">1904-&lt;1909&gt;</subfield></datafield><datafield ind1="0" ind2="8" tag="776"><subfield code="i">Originally issued in print:</subfield><subfield code="t">Daily Missoulian (Missoula, Mont. : 1904)</subfield><subfield code="x">2329-5457</subfield><subfield code="w">(DLC)sn 83025316</subfield><subfield code="w">(OCoLC)9385382</subfield></datafield><datafield ind1="0" ind2="0" tag="780"><subfield code="t">Missoulian (Missoula, Mont. : Daily : 1900 : Online)</subfield></datafield><datafield ind1="0" ind2="0" tag="785"><subfield code="t">Missoulian (Missoula, Mont. : Daily : 1961 : Online)</subfield></datafield><datafield ind1="4" ind2="1" tag="856"><subfield code="u">http://chroniclingamerica.loc.gov/lccn/sn83025316/issues</subfield></datafield><datafield ind1="1" ind2=" " tag="029"><subfield code="a">NZ1</subfield><subfield code="b">15124367</subfield></datafield></record>